<record xmlns="http://www.loc.gov/MARC21/slim" xmlns:xsi="http://www.w3.org/2001/XMLSchema-instance" xsi:schemaLocation="http://www.loc.gov/MARC21/slim http://www.loc.gov/standards/marcxml/schema/MARC21slim.xsd">

  <leader>01368nab a2200169   4500</leader>
  <controlfield tag="005">20160331135210.0</controlfield>
  <controlfield tag="008">151211b2006    cr f|||| |||| 00| 0 spa d</controlfield>
  <datafield tag="090" ind1=" " ind2=" ">
    <subfield code="a">REVIS 06.02.01</subfield>
  </datafield>
  <datafield tag="100" ind1="1" ind2=" ">
    <subfield code="9">255</subfield>
    <subfield code="a">Chaves Salas, Ana Lupita</subfield>
  </datafield>
  <datafield ind1="1" tag="245" ind2="3">
    <subfield code="a">La construcción de subjetividades en el contexto escolar /</subfield>
    <subfield code="c">Ana Lupita Chaves Salas</subfield>
  </datafield>
  <datafield ind2=" " tag="260" ind1=" ">
    <subfield code="a">San José, Costa Rica :</subfield>
    <subfield code="b">Editorial Universidad de Costa Rica,</subfield>
    <subfield code="c">2006</subfield>
  </datafield>
  <datafield ind2=" " ind1=" " tag="300">
    <subfield code="a"> páginas 187-200</subfield>
  </datafield>
  <datafield ind1=" " tag="520" ind2=" ">
    <subfield code="a">Este artículo resume una investigación  cualitativa que se realizó en un salón de clase de educación inicial pública, el cual atendía a niñas y  niños en edades comprendidas, entre los cinco años y tres meses y los siete años. El estudio pretende develar  las relaciones sociales que se generan  en el contexto escolar y que construyen identidades y subjetividades de la población infantil. Además, su propósito fue promover  la reflexión crítica, en torno a esas interacciones sociales para iniciar los procesos de transformación que modifiquen y mejoren la acción educativa, como práctica liberadora que genere identidades críticas, activas, autónomas, solidarias y creativas</subfield>
  </datafield>
  <datafield ind2="4" ind1="1" tag="650">
    <subfield code="9">1</subfield>
    <subfield code="a">EDUCACIÓN</subfield>
  </datafield>
  <datafield ind2=" " ind1="0" tag="773">
    <subfield code="d">San José, Costa Rica : Editorial de la Universidad de Costa Rica, 1997-</subfield>
    <subfield code="o">R0306</subfield>
    <subfield code="t">EDUCACIÓN: Revista de la Universidad de Costa Rica</subfield>
    <subfield code="g">Vol.30, no.1 (2006)</subfield>
  </datafield>
  <datafield tag="942" ind1=" " ind2=" ">
    <subfield code="2">z</subfield>
    <subfield code="c">10</subfield>
  </datafield>
  <datafield ind2=" " tag="999" ind1=" ">
    <subfield code="c">2965</subfield>
    <subfield code="d">2965</subfield>
  </datafield>
</record>